@misc{scheuren,
    author = "Fritz Scheuren",
    title = "What is a {S}urvey?",
    year = "2004",
    url = "\url{https://www.whatisasurvey.info/downloads/pamphlet_current.pdf}",
    note = "[Online; accessed 5-December-2014]"
 }

 @article{cunningham,
    author = "H. Conrad Cunningham",
    title = "A {L}ittle {L}anguage for {S}urveys: {C}onstructing an {I}nternal {DSL} in {R}uby",
    year = "2008",
    journal = "ACM Southeast"
    url = "\url{http://www.cs.olemiss.edu/~hcc/papers/surveyLangFinal.pdf}",
    note = "[Online; accessed 5-December-2014]"
 }